@book{Lang1999,
    author = {Lang, Serge},
    title = {Fundamentals of Differential Geometry},
    publisher = {Springer},
    year = {1999},
    series = {Graduate Texts in Mathematics},
}
@book{Banyaga1997,
    author = {Banyaga, Augustin},
    title = {The Structure of Classical Diffeomorphism Groups},
    series = {Mathematics and Its Applications},
    volume = {400},
    publisher = {Springer},
    year = {1997},
    address = {Dordrecht},
    isbn = {978-0-7923-4475-5},
    doi = {10.1007/978-94-015-8907-8},
    note = {First systematic treatment of the algebraic structure of diffeomorphism groups}
}
@book{Dieudonne1969,
    author = {Dieudonné, Jean},
    title = {Foundations of Modern Analysis},
    publisher = {Academic Press},
    year = {1969},
    series = {Treatise on Analysis},
    volume = {1},
    isbn = {978-0-12-215501-7},
    note = {Covers both Stone-Weierstrass (§7.3) and Hairy Ball Theorem via Poincaré-Hopf}
}
@book{Heil2018,
    author = {Heil, Christopher},
    title = {Basis Theory in Banach Spaces},
    publisher = {Springer},
    year = {2018},
    isbn = {978-3-319-91511-5},
    doi = {10.1007/978-3-319-91512-2},
}